%% LaTeX2e file `bibliography.bib'
%% generated by the `filecontents' environment
%% from source `tut_beamer_example' on 2018/08/26.
%%
@book{hoenig1997,
 author = {Hoenig, Alan},
 title = {TEX Unbound: Latex and TEX Strategies for Fonts, Graphics and More},
 year = {1997},
 publisher = {Oxford University Press, Inc.}
}
@misc{tantau2013,
  title = {The BEAMER class -- user guide for version~3.36},
  author = {T.~Tantau, J.~Wright, V.~Mileti{\'c}},
  year = {2015},
}
@online{tutgraphic,
  title = {Graphic guidelines},
  author = {{Tampere University of Technology}},
  note = {tutka > image > printed publications > graphic guidelines}
}
